<record><leader>00000cas a2200000 a 4500</leader><controlfield tag="001">31631124</controlfield><controlfield tag="008">941208d19291963nyuwr ne      0    0eng c</controlfield><datafield ind1=" " ind2=" " tag="010"><subfield code="a">sn 95071001 </subfield></datafield><datafield ind1=" " ind2=" " tag="040"><subfield code="a">NYS</subfield><subfield code="b">eng</subfield><subfield code="c">NYS</subfield><subfield code="d">OCLCQ</subfield><subfield code="d">OCLCF</subfield><subfield code="d">OCLCO</subfield></datafield><datafield ind1="1" ind2=" " tag="029"><subfield code="a">AU@</subfield><subfield code="b">000011501866</subfield></datafield><datafield ind1=" " ind2=" " tag="042"><subfield code="a">pcc</subfield></datafield><datafield ind1=" " ind2=" " tag="043"><subfield code="a">n-us-ny</subfield></datafield><datafield ind1="0" ind2="4" tag="245"><subfield code="a">The Babylon eagle.</subfield></datafield><datafield ind1=" " ind2=" " tag="260"><subfield code="a">Babylon, N.Y. :</subfield><subfield code="b">Suffolk Consolidated Press Co.,</subfield><subfield code="c">-1963.</subfield></datafield><datafield ind1=" " ind2=" " tag="300"><subfield code="a">v.</subfield></datafield><datafield ind1=" " ind2=" " tag="310"><subfield code="a">Weekly</subfield></datafield><datafield ind1="1" ind2=" " tag="362"><subfield code="a">Began with Feb. 6, 1929 issue.</subfield><subfield code="z">Sealock &amp; Seely. Long Island bibl.</subfield></datafield><datafield ind1="0" ind2=" " tag="362"><subfield code="a">-v. 35, no. 40 (Oct. 31, 1963).</subfield></datafield><datafield ind1=" " ind2=" " tag="500"><subfield code="a">"Official paper of the Village of Babylon and the Town of Babylon," &lt;1949&gt;.</subfield></datafield><datafield ind1=" " ind2=" " tag="588"><subfield code="a">Description based on: Vol. 2, no. 7 (May 19, 1930).</subfield></datafield><datafield ind1=" " ind2="0" tag="651"><subfield code="a">Babylon (N.Y.)</subfield><subfield code="v">Newspapers.</subfield></datafield><datafield ind1=" " ind2="0" tag="651"><subfield code="a">Babylon (N.Y. : Town)</subfield><subfield code="v">Newspapers.</subfield></datafield><datafield ind1=" " ind2="0" tag="651"><subfield code="a">Suffolk County (N.Y.)</subfield><subfield code="v">Newspapers.</subfield></datafield><datafield ind1=" " ind2="7" tag="655"><subfield code="a">Newspapers.</subfield><subfield code="2">fast</subfield><subfield code="0">(OCoLC)fst01423814</subfield></datafield><datafield ind1=" " ind2="7" tag="651"><subfield code="a">New York (State)</subfield><subfield code="z">Babylon.</subfield><subfield code="2">fast</subfield><subfield code="0">(OCoLC)fst01207261</subfield></datafield><datafield ind1=" " ind2="7" tag="651"><subfield code="a">New York (State)</subfield><subfield code="z">Babylon (Town)</subfield><subfield code="2">fast</subfield><subfield code="0">(OCoLC)fst01334638</subfield></datafield><datafield ind1=" " ind2="7" tag="651"><subfield code="a">New York (State)</subfield><subfield code="z">Suffolk County.</subfield><subfield code="2">fast</subfield><subfield code="0">(OCoLC)fst01207260</subfield></datafield><datafield ind1=" " ind2=" " tag="752"><subfield code="a">United States</subfield><subfield code="b">New York</subfield><subfield code="c">Suffolk</subfield><subfield code="d">Babylon.</subfield></datafield><datafield ind1="0" ind2="7" tag="785"><subfield code="a">Long Island sun (Amityville, N.Y. : 1929)</subfield><subfield code="w">(DLC)sn 84020705</subfield><subfield code="w">(OCoLC)11445804</subfield></datafield><datafield ind1="0" ind2="7" tag="785"><subfield code="a">Babylon town eagle-sun</subfield><subfield code="w">(DLC)sn 95071250</subfield><subfield code="w">(OCoLC)32650631</subfield></datafield></record>